<?xml version="1.0" encoding="UTF-8"?><collection xmlns="http://www.loc.gov/MARC21/slim"><record><leader>00457nam--2200169-i-4500</leader><controlfield tag="001">000022444</controlfield><controlfield tag="002">20161230</controlfield><controlfield tag="005">20161230201034</controlfield><controlfield tag="008">060222s1000------------r-----000-0-fre-d</controlfield><datafield ind1=" " ind2=" " tag="040"><subfield code="a">IFIN-HH</subfield></datafield><datafield ind1=" " ind2=" " tag="041"><subfield code="a">fre</subfield></datafield><datafield ind1=" " ind2=" " tag="080"><subfield code="a">539.17</subfield></datafield><datafield ind1="1" ind2=" " tag="100"><subfield code="a">Hemptinne, M. De</subfield></datafield><datafield ind1="1" ind2="0" tag="245"><subfield code="a">Physique nucleaire des basses energies</subfield><subfield code="b">Colloque iisn, bruxellles 1962</subfield><subfield code="c">M. de hemptinne</subfield></datafield><datafield ind1=" " ind2=" " tag="260"><subfield code="a">Louvain</subfield><subfield code="b">Iisn</subfield><subfield code="c">1962</subfield></datafield><datafield ind1=" " ind2=" " tag="852"><subfield code="a">21665</subfield><subfield code="c">539.17</subfield></datafield><datafield ind1=" " ind2=" " tag="CAT"><subfield code="a">Sys</subfield><subfield code="c">20120530</subfield><subfield code="h">110931</subfield></datafield></record></collection>